<?xml version="1.0" encoding="UTF-8"?><collection xmlns="http://www.loc.gov/MARC21/slim"><record><leader>00442nam--2200157-i-4500</leader><controlfield tag="001">000013873</controlfield><controlfield tag="002">20161230</controlfield><controlfield tag="005">20170304205403</controlfield><controlfield tag="008">060222s1000------------r-----000-0-eng-d</controlfield><datafield ind1=" " ind2=" " tag="100"><subfield code="a">Demetrescu, G</subfield></datafield><datafield ind1=" " ind2=" " tag="245"><subfield code="a">Persistance et isolement du foyer seismique de la region de vrancea en roumanie</subfield></datafield><datafield ind1=" " ind2=" " tag="260"><subfield code="a">Bucarest</subfield><subfield code="b">Station Seismique</subfield><subfield code="c">1942</subfield></datafield><datafield ind1=" " ind2=" " tag="300"><subfield code="a">10 p</subfield></datafield><datafield ind1=" " ind2=" " tag="700"><subfield code="a">Iacovachi, A</subfield></datafield><datafield ind1=" " ind2=" " tag="852"><subfield code="a">550.341(498)</subfield></datafield><datafield ind1=" " ind2=" " tag="CAT"><subfield code="a">SYS</subfield><subfield code="c">20170304</subfield><subfield code="h">205403</subfield></datafield></record></collection>